@article{lan2016atomic,
  title={Atomic-Monolayer MoS$_2$ Band-to-Band Tunneling Field-Effect Transistor},
  author={Lan, Yann-Wen and Torres, Carlos M and Tsai, Shin-Hung and Zhu, Xiaodan and Shi, Yumeng and Li, Ming-Yang and Li, Lain-Jong and Yeh, Wen-Kuan and Wang, Kang L},
  journal={Small},
  volume={12},
  number={41},
  pages={5676--5683},
  year={2016},
  publisher={Wiley Online Library}
}

@article{yuan2016field,
  title={Field effects of current crowding in metal-MoS$_2$ contacts},
  author={Yuan, Hui and Cheng, Guangjun and Yu, Sheng and Hight Walker, Angela R and Richter, Curt A and Pan, Minghu and Li, Qiliang},
  journal={Applied Physics Letters},
  volume={108},
  number={10},
  pages={103505},
  year={2016},
  publisher={AIP Publishing}
}

@article{cui2015multi,
  title={Multi-terminal transport measurements of MoS$_2$ using a van der Waals heterostructure device platform},
  author={Cui, Xu and Lee, Gwan-Hyoung and Kim, Young Duck and Arefe, Ghidewon and Huang, Pinshane Y and Lee, Chul-Ho and Chenet, Daniel A and Zhang, Xian and Wang, Lei and Ye, Fan and others},
  journal={Nature Nanotechnology},
  volume={10},
  number={6},
  pages={534--540},
  year={2015},
  publisher={Nature Research}
}


@article{khondaker2016bandgap,
  title={Bandgap engineering of MoS$_2$ flakes via oxygen plasma: a layer dependent study},
  author={Khondaker, Saiful I and Islam, Muhammad R},
  journal={The Journal of Physical Chemistry C},
  volume={120},
  number={25},
  pages={13801--13806},
  year={2016},
  publisher={ACS Publications}
}


@article{jariwala2013band,
  title={Band-like transport in high mobility unencapsulated single-layer MoS$_2$ transistors},
  author={Jariwala, Deep and Sangwan, Vinod K and Late, Dattatray J and Johns, James E and Dravid, Vinayak P and Marks, Tobin J and Lauhon, Lincoln J and Hersam, Mark C},
  journal={Applied Physics Letters},
  volume={102},
  number={17},
  pages={173107},
  year={2013},
  publisher={AIP}
}

@article{wang2016high,
  title={High Mobility MoS$_2$ Transistor with Low Schottky Barrier Contact by Using Atomic Thick h-BN as a Tunneling Layer},
  author={Wang, Jingli and Yao, Qian and Huang, Chun-Wei and Zou, Xuming and Liao, Lei and Chen, Shanshan and Fan, Zhiyong and Zhang, Kai and Wu, Wei and Xiao, Xiangheng and others},
  journal={Advanced Materials},
  volume={28},
  number={37},
  pages={8302--8308},
  year={2016},
  publisher={Wiley Online Library}
}


@article{somvanshi2017nature,
  title={Nature of carrier injection in metal/2D semiconductor interface and its implications to the limits of contact resistance},
  author={Somvanshi, Divya and Kallatt, Sangeeth and Venkatesh, Chenniappan and Nair, Smitha and Gupta, Garima and Anthony, John Kiran and Karmakar, Debjani and Majumdar, Kausik},
  journal={arXiv preprint arXiv:1703.00671},
  year={2017}
}


@article{choudhary2016two,
  title={Two-dimensional lateral heterojunction through bandgap engineering of MoS$_2$ via oxygen plasma},
  author={Choudhary, Nitin and Islam, Muhammad R and Kang, Narae and Tetard, Laurene and Jung, Yeonwoong and Khondaker, Saiful I},
  journal={Journal of Physics: Condensed Matter},
  volume={28},
  number={36},
  pages={364002},
  year={2016},
  publisher={IOP Publishing}
}


@article{filanovsky2001mutual,
  title={Mutual compensation of mobility and threshold voltage temperature effects with applications in CMOS circuits},
  author={Filanovsky, IM and Allam, Ahmed},
  journal={IEEE Transactions on Circuits and Systems I: Fundamental Theory and Applications},
  volume={48},
  number={7},
  pages={876--884},
  year={2001},
  publisher={IEEE}
}


@article{zhu2016remote,
  title={Remote plasma oxidation and atomic layer etching of MoS$_2$},
  author={Zhu, Hui and Qin, Xiaoye and Cheng, Lanxia and Azcatl, Angelica and Kim, Jiyoung and Wallace, Robert M},
  journal={ACS Applied Materials \& Interfaces},
  volume={8},
  number={29},
  pages={19119--19126},
  year={2016},
  publisher={ACS Publications}
}


@article{ko2016stack,
  title={On-stack two-dimensional conversion of MoS$_2$ into MoO$_3$},
  author={Ko, Taeg Yeoung and Jeong, Areum and Kim, Wontaek and Lee, Jinhwan and Kim, Youngchan and Lee, Jung Eun and Ryu, Gyeong Hee and Park, Kwanghee and Kim, Dogyeong and Lee, Zonghoon and others},
  journal={2D Materials},
  volume={4},
  number={1},
  pages={014003},
  year={2016},
  publisher={IOP Publishing}
}


@article{jadwiszczak2017oxide,
  title={Oxide-mediated self-limiting recovery of field effect mobility in plasma-treated MoS$_2$},
  author={Jadwiszczak, Jakub and O'Callaghan, Colin and Zhou, Yangbo and Fox, Daniel S and Weitz, Eamonn and Keane, Darragh and O'Reilly, Ian and Downing, Clive and Shmeliov, Aleksey and Maguire, Pierce and others},
  journal={arXiv preprint arXiv:1706.08573},
  year={2017}
}


@article{radisavljevic2013mobility,
  title={Mobility engineering and a metal--insulator transition in monolayer MoS$_2$},
  author={Radisavljevic, Branimir and Kis, Andras},
  journal={Nature Materials},
  volume={12},
  number={9},
  pages={815--820},
  year={2013},
  publisher={Nature Research}
}


@article{lee2013flexible,
  title={Flexible and transparent MoS$_2$ field-effect transistors on hexagonal boron nitride-graphene heterostructures},
  author={Lee, Gwan-Hyoung and Yu, Young-Jun and Cui, Xu and Petrone, Nicholas and Lee, Chul-Ho and Choi, Min Sup and Lee, Dae-Yeong and Lee, Changgu and Yoo, Won Jong and Watanabe, Kenji and others},
  journal={ACS Nano},
  volume={7},
  number={9},
  pages={7931--7936},
  year={2013},
  publisher={ACS Publications}
}

@article{yin2011single,
  title={Single-layer MoS$_2$ phototransistors},
  author={Yin, Zongyou and Li, Hai and Li, Hong and Jiang, Lin and Shi, Yumeng and Sun, Yinghui and Lu, Gang and Zhang, Qing and Chen, Xiaodong and Zhang, Hua},
  journal={ACS Nano},
  volume={6},
  number={1},
  pages={74--80},
  year={2011},
  publisher={ACS Publications}
}
@article{yoo2017enhanced,
  title={Enhanced photoresponsivity of multilayer MoS$_2$ transistors using high work function MoO$_x$ overlayer},
  author={Yoo, Geonwook and Hong, Seongin and Heo, Junseok and Kim, Sunkook},
  journal={Applied Physics Letters},
  volume={110},
  number={5},
  pages={053112},
  year={2017},
  publisher={AIP Publishing}
}

@article{xu2017tunneling,
  title={Tunneling field effect transistor integrated with black phosphorus-MoS$_2$ junction and ion gel dielectric},
  author={Xu, Jiao and Jia, Jingyuan and Lai, Shen and Ju, Jaehyuk and Lee, Sungjoo},
  journal={Applied Physics Letters},
  volume={110},
  number={3},
  pages={033103},
  year={2017},
  publisher={AIP Publishing}
}

@article{sangwan2015gate,
  title={Gate-tunable memristive phenomena mediated by grain boundaries in single-layer MoS$_2$},
  author={Sangwan, Vinod K and Jariwala, Deep and Kim, In Soo and Chen, Kan-Sheng and Marks, Tobin J and Lauhon, Lincoln J and Hersam, Mark C},
  journal={Nature Nanotechnology},
  volume={10},
  number={5},
  pages={403--406},
  year={2015},
  publisher={Nature Research}
}

@article{chang2013high,
  title={High-performance, highly bendable MoS$_2$ transistors with high-k dielectrics for flexible low-power systems},
  author={Chang, Hsiao-Yu and Yang, Shixuan and Lee, Jongho and Tao, Li and Hwang, Wan-Sik and Jena, Debdeep and Lu, Nanshu and Akinwande, Deji},
  journal={ACS Nano},
  volume={7},
  number={6},
  pages={5446--5452},
  year={2013},
  publisher={ACS Publications}
}

@article{kshirsagar2016dynamic,
  title={Dynamic Memory Cells Using MoS$_2$ Field-Effect Transistors Demonstrating Femtoampere Leakage Currents},
  author={Kshirsagar, Chaitanya U and Xu, Weichao and Su, Yang and Robbins, Matthew C and Kim, Chris H and Koester, Steven J},
  journal={ACS Nano},
  volume={10},
  number={9},
  pages={8457--8464},
  year={2016},
  publisher={ACS Publications}
}
@article{kim2016enhanced,
  title={Enhanced carrier mobility of multilayer MoS$_2$ thin-film transistors by Al$_2$O$_3$ encapsulation},
  author={Kim, Seong Yeoul and Park, Seonyoung and Choi, Woong},
  journal={Applied Physics Letters},
  volume={109},
  number={15},
  pages={152101},
  year={2016},
  publisher={AIP Publishing}
}

@article{radisavljevic2011single,
  title={Single-layer MoS$_2$ transistors},
  author={Radisavljevic, Branimir and Radenovic, Aleksandra and Brivio, Jacopo and Giacometti, i V and Kis, A},
  journal={Nature Nanotechnology},
  volume={6},
  number={3},
  pages={147--150},
  year={2011},
  publisher={Nature Research}
}

@article{lee2015highly,
  title={Highly stable, dual-gated MoS$_2$ transistors encapsulated by hexagonal boron nitride with gate-controllable contact, resistance, and threshold voltage},
  author={Lee, Gwan-Hyoung and Cui, Xu and Kim, Young Duck and Arefe, Ghidewon and Zhang, Xian and Lee, Chul-Ho and Ye, Fan and Watanabe, Kenji and Taniguchi, Takashi and Kim, Philip and others},
  journal={ACS Nano},
  volume={9},
  number={7},
  pages={7019--7026},
  year={2015},
  publisher={ACS Publications}
}

@article{qian2016improved,
  title={Improved Gate Dielectric Deposition and Enhanced Electrical Stability for Single-Layer MoS$_2$ MOSFET with an AlN Interfacial Layer},
  author={Qian, Qingkai and Li, Baikui and Hua, Mengyuan and Zhang, Zhaofu and Lan, Feifei and Xu, Yongkuan and Yan, Ruyue and Chen, Kevin J},
  journal={Scientific Reports},
  volume={6},
  pages={27676},
  year={2016},
  publisher={Nature Publishing Group}
}

@article{yuan2017pbti,
  title={PBTI Investigation of MoS$_2$ n-MOSFET With Al$_2$O$_3$ Gate Dielectric},
  author={Yuan, Hui-Wen and Shen, Hui and Li, Jun-Jie and Shao, Jinhai and Huang, Daming and Chen, Yi-Fang and Wang, PF and Ding, SJ and Chin, Albert and Li, Ming-Fu},
  journal={IEEE Electron Device Letters},
  volume={38},
  number={5},
  pages={677--680},
  year={2017},
  publisher={IEEE}
}

@article{yu2017analyzing,
  title={Analyzing the Carrier Mobility in Transition-Metal Dichalcogenide MoS$_2$ Field-Effect Transistors},
  author={Yu, Zhihao and Ong, Zhun-Yong and Li, Songlin and Xu, Jian-Bin and Zhang, Gang and Zhang, Yong-Wei and Shi, Yi and Wang, Xinran},
  journal={Advanced Functional Materials},
  volume={27},
  number={19},
  year={2017},
  publisher={Wiley Online Library}
}

@article{kaasbjerg2012phonon,
  title={Phonon-limited mobility in n-type single-layer MoS$_2$ from first principles},
  author={Kaasbjerg, Kristen and Thygesen, Kristian S and Jacobsen, Karsten W},
  journal={Physical Review B},
  volume={85},
  number={11},
  pages={115317},
  year={2012},
  publisher={APS}
}

@article{wang2012electronics,
  title={Electronics and optoelectronics of two-dimensional transition metal dichalcogenides},
  author={Wang, Qing Hua and Kalantar-Zadeh, Kourosh and Kis, Andras and Coleman, Jonathan N and Strano, Michael S},
  journal={Nature Nanotechnology},
  volume={7},
  number={11},
  pages={699--712},
  year={2012},
  publisher={Nature Research}
}

@article{english2016improved,
  title={Improved contacts to MoS$_2$ transistors by ultra-high vacuum metal deposition},
  author={English, Chris D and Shine, Gautam and Dorgan, Vincent E and Saraswat, Krishna C and Pop, Eric},
  journal={Nano Letters},
  volume={16},
  number={6},
  pages={3824--3830},
  year={2016},
  publisher={ACS Publications}
}

@article{bao2013high,
  title={High mobility ambipolar MoS$_2$ field-effect transistors: Substrate and dielectric effects},
  author={Bao, Wenzhong and Cai, Xinghan and Kim, Dohun and Sridhara, Karthik and Fuhrer, Michael S},
  journal={Applied Physics Letters},
  volume={102},
  number={4},
  pages={042104},
  year={2013},
  publisher={AIP}
}
@article{chuang2014mos2,
  title={MoS$_2$ p-type transistors and diodes enabled by high work function MoO$_x$ contacts},
  author={Chuang, Steven and Battaglia, Corsin and Azcatl, Angelica and McDonnell, Stephen and Kang, Jeong Seuk and Yin, Xingtian and Tosun, Mahmut and Kapadia, Rehan and Fang, Hui and Wallace, Robert M and others},
  journal={Nano Letters},
  volume={14},
  number={3},
  pages={1337--1342},
  year={2014},
  publisher={ACS Publications}
}

@article{mcdonnell2014hole,
  title={Hole contacts on transition metal dichalcogenides: Interface chemistry and band alignments},
  author={McDonnell, Stephen and Azcatl, Angelica and Addou, Rafik and Gong, Cheng and Battaglia, Corsin and Chuang, Steven and Cho, Kyeongjae and Javey, Ali and Wallace, Robert M},
  journal={ACS Nano},
  volume={8},
  number={6},
  pages={6265--6272},
  year={2014},
  publisher={ACS Publications}
}

@article{anwar1999effects,
  title={Effects of electron confinement on thermionic emission current in a modulation doped heterostructure},
  author={Anwar, Amro and Nabet, Bahram and Culp, James and Castro, Fransisco},
  journal={Journal of Applied Physics},
  volume={85},
  number={5},
  pages={2663--2666},
  year={1999},
  publisher={AIP}
}

@article{kim2017fermi,
  title={Fermi Level Pinning at Electrical Metal Contacts of Monolayer Molybdenum Dichalcogenides},
  author={Kim, Changsik and Moon, Inyong and Lee, Daeyeong and Choi, Min Sup and Ahmed, Faisal and Nam, Seunggeol and Cho, Yeonchoo and Shin, Hyeon-Jin and Park, Seongjun and Yoo, Won Jong},
  journal={ACS Nano},
  volume={11},
  number={2},
  pages={1588--1596},
  year={2017},
  publisher={ACS Publications}
}

@article{allain2015electrical,
  title={Electrical contacts to two-dimensional semiconductors},
  author={Allain, Adrien and Kang, Jiahao and Banerjee, Kaustav and Kis, Andras},
  journal={Nature Materials},
  volume={14},
  number={12},
  pages={1195--1205},
  year={2015},
  publisher={Nature Research}
}


